% This file was created with Citavi 6.6.0.0

@book{divgradcurl,
 author = {Schey, Harry Moritz},
 year = {2005},
 title = {Div, grad, curl, and all that: An informal text on vector calculus},
 address = {New York, NY},
 edition = {4. ed.},
 publisher = {Norton},
 isbn = {9780393925166}
}


@book{Georg.Felder,
 author = {Georg, Otfried},
 year = {1999},
 title = {Elektromagnetische Felder und Netzwerke: Anwendungen in Mathcad und PSpice},
 price = {DM 98.00},
 address = {Berlin},
 publisher = {Springer},
 isbn = {3540655875},
 series = {Springer-Lehrbuch},
 file = {http://d-nb.info/955519071/04}
}


@book{Marinescu,
 author = {Marinescu, Marlene},
 year = {2012},
 title = {Elektrische und magnetische Felder},
 address = {Berlin, Heidelberg},
 publisher = {{Springer Berlin Heidelberg}},
 isbn = {978-3-642-24219-9},
 doi = {10.1007/978-3-642-25794-0},
 file = {38844724-a9ad-476b-be2f-3acd3d02c510:C\:\\Users\\Eike Osmers\\AppData\\Local\\Swiss Academic Software\\Citavi 6\\ProjectCache\\mlj7968w0a0dyidcns3owii64b6ti6lmp381xbztoqlyc1u6\\Citavi Attachments\\38844724-a9ad-476b-be2f-3acd3d02c510.pdf:pdf}
}


